@misc{UE,
    author          = {{Epic Games}},
    title           = {Unreal Engine},
    howpublished    = {\url{https://www.unrealengine.com}},
    year            = {1998}
},
@misc{Unity,
    author          = {{Unity Technologies}},
    title           = {Unity},
    howpublished    = {\url{https://unity3d.com}},
    year            = {2005}
},
@misc{LOVE,
    title           = {LÖVE},
    howpublished    = {\url{https://love2d.org}},
    year            = {2008}
},
@misc{LuaMan,
    title           = {{Lua 5.3 Manual}},
    howpublished    = {\url{https://www.lua.org/manual/5.3/manual.html}},
    year            = {2017}
},
@INPROCEEDINGS{Ierusalimschy01theevolution,
    author          = {{Roberto Ierusalimschy and Luiz Henrique de Figueiredo and Waldemar Celes}},
    title           = {The Evolution of an Extension Language: A History of Lua},
    booktitle       = {IN PROCEEDINGS OF V BRAZILIAN SYMPOSIUM ON PROGRAMMING LANGUAGES},
    year            = {2001},
    pages           = {14--28},
    publisher       = {}
},
@INPROCEEDINGS{Ierusalimschy02software,
    author          = {{Roberto Ierusalimschy and Luiz Henrique de Figueiredo and Waldemar Celes}},
    title           = {Lua – an extensible extension language},
    booktitle       = {Software: Practice \& Experience 26},
    pages           = {635--652},
    year            = {1996},
    publisher       = {}
}