@misc{UE,
    author          = {{Epic Games}},
    title           = {Unreal Engine},
    howpublished    = {\url{https://www.unrealengine.com}},
    year            = {1998}
},
@misc{Unity,
    author          = {{Unity Technologies}},
    title           = {Unity},
    howpublished    = {\url{https://unity3d.com}},
    year            = {2005}
},
@misc{LOVE,
    title           = {LÖVE},
    howpublished    = {\url{https://love2d.org}},
    year            = {2008}
},
@misc{LuaMan,
    title           = {{Lua 5.3 Manual}},
    howpublished    = {\url{https://www.lua.org/manual/5.3/manual.html}},
    year            = {2017}
},
@INPROCEEDINGS{Ierusalimschy01theevolution,
    author          = {{Roberto Ierusalimschy and Luiz Henrique de Figueiredo and Waldemar Celes}},
    booktitle       = {IN PROCEEDINGS OF V BRAZILIAN SYMPOSIUM ON PROGRAMMING LANGUAGES},
    year            = {2001},
    publisher       = {}
},
@INPROCEEDINGS{Ierusalimschy02software,
    author          = {{Roberto Ierusalimschy and Luiz Henrique de Figueiredo and Waldemar Celes}},
    title           = {Lua – an extensible extension language},
    booktitle       = {Software: Practice \& Experience 26},
    pages           = {635--652},
    year            = {1996},
    publisher       = {}
},
@book{Ierusalimschy:2013:PLT:2502646,
    author = {Ierusalimschy, Roberto},
    title = {Programming in Lua, Third Edition},
    year = {2013},
    isbn = {859037985X, 9788590379850},
    edition = {3rd},
    publisher = {Lua.Org},
},
@misc{eLua,
    title           = {{eLua}},
    howpublished    = {\url{http://www.eluaproject.net/}},
}
@misc{LuaJIT,
    title           = {{LuaJIT}},
    howpublished    = {\url{http://luajit.org/}},
}
@book{Lamport:1989:LDP:63364,
    author = {Lamport, Leslie},
    title = {Latex: A Document Preparation System},
    year = {1986},
    isbn = {0-201-15790-X},
    publisher = {Addison-Wesley Longman Publishing Co., Inc.},
    address = {Boston, MA, USA},
},
@article{IerusalimschyImplementation,
    author = {Ierusalimschy, Roberto and Henrique de Figueiredo, Luiz and Celes, Waldemar},
    year = {2005},
    title = {The Implementation of Lua 5.0},
},
@misc{tecgrafLibAndTools,
    author = {Luiz Henrique de Figueiredo},
    title = {Libraries and tools for Lua},
    howpublished = {\url{http://webserver2.tecgraf.puc-rio.br/~lhf/ftp/lua}},
    year = {2017}
}
@misc{LuaSource,
    title = {Lua source code},
    howpublished = {\url{https://github.com/lua/lua}},
},
@misc{CheatEngine,
    title = {Cheat Engine},
    howpublished = {\url{http://www.cheatengine.org}},
},
@misc{COCOS2D,
    title = {COCOS2D},
    howpublished = {\url{http://cocos2d-x.org/}},
}

